<?xml version="1.0" encoding="UTF-8"?><collection xmlns="http://www.loc.gov/MARC21/slim"><record><leader>00555nam--2200205-i-4500</leader><controlfield tag="001">000048664</controlfield><controlfield tag="002">20161230</controlfield><controlfield tag="005">20161230201047</controlfield><controlfield tag="008">060222s1000------------r-----000-0-rus-d</controlfield><datafield ind1=" " ind2=" " tag="040"><subfield code="a">IFIN-HH</subfield></datafield><datafield ind1=" " ind2=" " tag="041"><subfield code="a">rus</subfield></datafield><datafield ind1=" " ind2=" " tag="080"><subfield code="a">539.213:538.955</subfield></datafield><datafield ind1="1" ind2=" " tag="100"><subfield code="a">Handrich, K</subfield></datafield><datafield ind1="1" ind2="0" tag="245"><subfield code="a">Amorfnie ferro- i ferrimagnetiki</subfield><subfield code="c">K. handrich, s. kobe</subfield></datafield><datafield ind1=" " ind2=" " tag="260"><subfield code="a">Moskva</subfield><subfield code="b">Mir</subfield><subfield code="c">1982</subfield></datafield><datafield ind1=" " ind2=" " tag="300"><subfield code="a">293P</subfield></datafield><datafield ind1=" " ind2=" " tag="500"><subfield code="a">Titlul Original In Limba Germana: Amorphe Ferro- Und Ferrimagnetika</subfield></datafield><datafield ind1="1" ind2=" " tag="700"><subfield code="a">Kobe, S</subfield></datafield><datafield ind1=" " ind2=" " tag="852"><subfield code="a">70808</subfield><subfield code="c">539.21</subfield></datafield><datafield ind1=" " ind2=" " tag="CAT"><subfield code="a">Sys</subfield><subfield code="c">20121206</subfield><subfield code="h">131636</subfield></datafield></record></collection>